[gd_scene load_steps=6 format=2]

[ext_resource path="res://maps/Base_Map.tscn" type="PackedScene" id=1]
[ext_resource path="res://entities/player_spawn/player_spawn_point.tscn" type="PackedScene" id=2]
[ext_resource path="res://entities/wall/Wall.tscn" type="PackedScene" id=3]

[sub_resource type="RectangleShape2D" id=1]
extents = Vector2( 520, 10.001 )

[sub_resource type="RectangleShape2D" id=2]
extents = Vector2( 10, 290 )

[node name="Test_Map" instance=ExtResource( 1 )]

[node name="Spawn_Points" parent="." index="0"]
editor/display_folded = true

[node name="player_spawn_point" parent="Spawn_Points" index="0" instance=ExtResource( 2 )]
position = Vector2( 160, 300 )

[node name="player_spawn_point2" parent="Spawn_Points" index="1" instance=ExtResource( 2 )]
position = Vector2( 860, 310 )

[node name="Wall1" parent="Walls" index="0" instance=ExtResource( 3 )]
editor/display_folded = true
position = Vector2( 510, 0 )

[node name="Polygon2D" type="Polygon2D" parent="Walls/Wall1" index="0"]
scale = Vector2( 4.85272e+06, 2680.25 )
polygon = PoolVector2Array( -0.000105096, -0.00373137, 0.000107156, -0.00373137, 0.000107156, 0.00373062, -0.000105096, 0.00373062 )
__meta__ = {
"_edit_lock_": true
}

[node name="CollisionShape2D" type="CollisionShape2D" parent="Walls/Wall1" index="1"]
shape = SubResource( 1 )
__meta__ = {
"_edit_lock_": true
}

[node name="Wall2" parent="Walls" index="1" instance=ExtResource( 3 )]
editor/display_folded = true
position = Vector2( 510, 600 )

[node name="Polygon2D" type="Polygon2D" parent="Walls/Wall2" index="0"]
scale = Vector2( 4.85272e+06, 2680.25 )
polygon = PoolVector2Array( -0.000105096, -0.003731, 0.000107156, -0.003731, 0.000107156, 0.003731, -0.000105096, 0.003731 )
__meta__ = {
"_edit_lock_": true
}

[node name="CollisionShape2D" type="CollisionShape2D" parent="Walls/Wall2" index="1"]
shape = SubResource( 1 )
__meta__ = {
"_edit_lock_": true
}

[node name="Wall3" parent="Walls" index="2" instance=ExtResource( 3 )]
editor/display_folded = true
position = Vector2( 0, 300 )

[node name="Polygon2D" type="Polygon2D" parent="Walls/Wall3" index="0"]
polygon = PoolVector2Array( -10, -290, 10, -290, 10, 290, -10, 290 )

[node name="CollisionShape2D" type="CollisionShape2D" parent="Walls/Wall3" index="1"]
shape = SubResource( 2 )

[node name="Wall4" parent="Walls" index="3" instance=ExtResource( 3 )]
editor/display_folded = true
position = Vector2( 1030, 300 )

[node name="Polygon2D" type="Polygon2D" parent="Walls/Wall4" index="0"]
polygon = PoolVector2Array( -10, -290, 10, -290, 10, 290, -10, 290 )

[node name="CollisionShape2D" type="CollisionShape2D" parent="Walls/Wall4" index="1"]
shape = SubResource( 2 )

